% ff.bib
% bibtex entries to allow Flash Forth documents to stand alone.
% Peter J. 2016-04-11


@TECHREPORT { atmega328-datasheet,
   AUTHOR      = { Atmel },
   TITLE       = { Atmel 8-bit {Microcontroller} with {4/8/16/32KBytes}
                   {In-System} {Programmable} {Flash}
                   {ATmega48A;} {ATmega48PA;} {ATmega88A;} {ATmega88PA;}
                   {ATmega168A;} {ATmega168PA;} {ATmega328;} {ATmega328P}
                 },
   INSTITUTION = {},
   ADDRESS     = { www.atmel.com },
   YEAR        = { 2013 },
   MONTH       = {},
   TYPE        = { Datasheet },
   NUMBER      = { 8271G–AVR–02/2013 },
   ANNOTE      = {}
   }

@TECHREPORT { bowling_raj_2008a,
   AUTHOR      = { Bowling, S. and Raj, N. },
   TITLE       = { Using the {PIC} Devices’ {SSP} and {MSSP} Modules
                   for Slave {I2C} Communication },
   INSTITUTION = { Microchip Technology Inc. },
   ADDRESS     = {},
   YEAR        = { 2008 },
   MONTH       = {},
   TYPE        = { Application Note },
   NUMBER      = { AN734 },
   ANNOTE      = {}
   }

@BOOK { brodie_1987a,
   AUTHOR    = { Brodie, L. and Forth Inc. },
   TITLE     = { Starting Forth: An introduction to the Forth Language and 
                 operating system for beginners and professionals, 2nd Ed. },
   PUBLISHER = { Prentice Hall },
   ADDRESS   = { Englewood Cliffs, New Jersey },
   YEAR      = { 1987 },
   ISBN      = { 0-13-843079-9 },
   ANNOTE    = { Also, updated and online http://home.iae.nl/users/mhx/sf.html
                 and the official online version http://www.forth.com/starting-forth/ }
   }

@BOOK { brodie_2004a,
   AUTHOR    = { Brodie, L. },
   TITLE     = { Thinking Forth: A Language and Philosophy for Solving Problems. },
   PUBLISHER = { Punchy Publishing },
   ADDRESS   = {},
   YEAR      = { 2004 },
   ISBN      = { 0976458705 },
   ANNOTE    = { Also online http://thinking-forth.sourceforge.net/ }
   }

@BOOK { conklin_rather_2007a,
   AUTHOR    = { Conklin, E. K. and Rather, E. D. },
   TITLE     = { Forth Programmer's Handbook, 3rd Ed. },
   PUBLISHER = { Forth Inc. },
   ADDRESS   = { California },
   YEAR      = { 2007 },
   ISBN      = { 1-4196-7549-4 },
   ANNOTE    = {}
   }

@TECHREPORT { flashforth,
   AUTHOR      = {Nordman, Mikael},
   TITLE       = { {FLASHFORTH} for the {PIC} 18, 24, 30, 33 series and {Atmega} series },
   INSTITUTION = {},
   ADDRESS     = { http://flashforth.sourceforge.net/ },
   YEAR        = {},
   MONTH       = {},
   TYPE        = { {URL} },
   NUMBER      = {},
   HOWPUBLISHED= {},
   ANNOTE      = {}
   }

@TECHREPORT { hitachi-hd44780-datasheet,
   AUTHOR      = { Hitachi },
   TITLE       = { {HD44780U} ({LCD-II}) ({Dot Matrix Liquid Crystal Display Controller/Driver}). },
   INSTITUTION = { Hitachi. },
   ADDRESS     = {},
   YEAR        = { 1999 },
   MONTH       = {},
   TYPE        = { Datasheet },
   NUMBER      = { ADE-207-272(Z) '99.9 Rev. 0.0 },
   ANNOTE      = {}
   }

@TECHREPORT { jacobs_2012b,
   AUTHOR      = { Jacobs, P. A. },
   TITLE       = { A Tutorial Guide to Programming {PIC18} Microcontrollers
                   with {FlashForth}. },
   INSTITUTION = { The University of Queensland },
   ADDRESS     = { Brisbane },
   YEAR        = { 2012 },
   MONTH       = { May-October },
   TYPE        = { School of Mechanical and Mining Engineering Technical Report },
   NUMBER      = { 2012/05 },
   ANNOTE      = { http://espace.library.uq.edu.au/view/UQ:321890 }
   }

@TECHREPORT { jacobs_2012c,
   AUTHOR      = { Jacobs, P. A. },
   TITLE       = { Hitchhiker's Guide to {FlashForth} on {PIC18} Microcontrollers. },
   INSTITUTION = { The University of Queensland },
   ADDRESS     = { Brisbane },
   YEAR        = { 2012 },
   MONTH       = { May-October },
   TYPE        = { School of Mechanical and Mining Engineering Technical Report },
   NUMBER      = { 2012/06 },
   ANNOTE      = { http://espace.library.uq.edu.au/view/UQ:321861 }
   }

@TECHREPORT { jacobs_etal_2013b,
   AUTHOR      = { Jacobs, Peter and Zawasky, Peter and Nordman, Mikael },
   TITLE       = { Elements of {FlashForth}. },
   INSTITUTION = { The University of Queensland },
   ADDRESS     = { Brisbane },
   YEAR        = { 2013 },
   MONTH       = { May },
   TYPE        = { School of Mechanical and Mining Engineering Technical Report },
   NUMBER      = { 2013/08 },
   ANNOTE      = { Report number allocated by Rose. 
                   http://espace.library.uq.edu.au/view/UQ:321883 }
   }

@TECHREPORT { max7219-datasheet,
   AUTHOR      = { Maxim Integrated },
   TITLE       = { {MAX7219/MAX7221} Serially interfaced, 8-digit {LED} display drivers. },
   INSTITUTION = { Maxim Integrated. },
   ADDRESS     = { www.maximintegrated.com },
   YEAR        = { 2003 },
   MONTH       = {},
   TYPE        = { Datasheet },
   NUMBER      = { 19-4452 },
   ANNOTE      = {}
   }

@TECHREPORT { mcp3422-datasheet,
   AUTHOR      = { Microchip Technology Inc. },
   TITLE       = { {MCP3422/3/4}: 18-Bit, Multi-Channel ${\Delta} {\Sigma}$ Analog-to-Digital Converter
                   with {I2C} Interface and On-Board Reference. },
   INSTITUTION = { Microchip Technology Inc. },
   ADDRESS     = { www.microchip.com },
   YEAR        = { 2009 },
   MONTH       = {},
   TYPE        = { Datasheet },
   NUMBER      = { DS22088C },
   ANNOTE      = {}
   }

@TECHREPORT { noble_2001a,
   AUTHOR      = { Noble, J. V. },
   TITLE       = { A Beginner's Guide to {Forth} },
   INSTITUTION = {},
   ADDRESS     = {},
   YEAR        = { 2001 },
   MONTH       = {},
   TYPE        = { {URL} http://galileo.phys.virginia.edu/classes/551.jvn.fall01/primer.htm },
   NUMBER      = {},
   ANNOTE      = {}
   }

@TECHREPORT { nordman_2014a,
   AUTHOR      = { Nordman, Mikael },
   TITLE       = { {FLASHFORTH}: for {PIC} and {Atmega}. },
   INSTITUTION = {},
   ADDRESS     = { mikael.nordman@flashforth.com },
   YEAR        = { 2014 },
   MONTH       = {},
   TYPE        = { {URL} http://flashforth.com },
   NUMBER      = {},
   ANNOTE      = {}
   }

@BOOK {pelc_2011a,
   AUTHOR    = { Pelc, S.},
   TITLE     = { Programming Forth },
   PUBLISHER = { Microprocessor Engineering Limited },
   ADDRESS   = {  },
   YEAR      = { 2011 },
   ISBN      = {978-0-9525310-5-0},
   ANNOTE    = { http://www.mpeforth.com/ }
   }
   
@TECHREPORT { pic18f14k22-datasheet,
   AUTHOR      = { Microchip Technology Inc. },
   TITLE       = { {PIC18(L)F1XK22} Data Sheet: 20-Pin Flash Microcontrollers 
      with nanoWatt {XLP} Technology. },
   INSTITUTION = { Microchip Technology Inc. },
   ADDRESS     = { www.microchip.com },
   YEAR        = { 2011 },
   MONTH       = {},
   TYPE        = { Datasheet },
   NUMBER      = { DS41365E },
   ANNOTE      = {}
   }

@TECHREPORT { pic18f2520-datasheet,
   AUTHOR      = { Microchip Technology Inc. },
   TITLE       = { {PIC18(L)F2420/2520/4420/4520} Data Sheet: 
      28/40/44-Pin Enhanced Flash Microcontrollers 
      with 10-bit {A/D} and nanoWatt Technology. },
   INSTITUTION = { Microchip Technology Inc. },
   ADDRESS     = { www.microchip.com },
   YEAR        = { 2008 },
   MONTH       = {},
   TYPE        = { Datasheet },
   NUMBER      = { DS39631E },
   ANNOTE      = {}
   }

@TECHREPORT { pic18f26k22-datasheet,
   AUTHOR      = { Microchip Technology Inc. },
   TITLE       = { {PIC18(L)F2X/4XK22} Data Sheet 28/40/44-Pin, Low-Power,
                   High-Performance Microcontrollers with {XLP} Technology. },
   INSTITUTION = { Microchip Technology Inc. },
   ADDRESS     = { www.microchip.com },
   YEAR        = { 2012 },
   MONTH       = {},
   TYPE        = { Datasheet },
   NUMBER      = { DS41412F },
   ANNOTE      = {}
   }

@TECHREPORT { pic18f26k80-datasheet,
   AUTHOR      = { Microchip Technology Inc. },
   TITLE       = { {PIC18F66K80} Family Data Sheet: 28/40/44/64-Pin, 
      Enhanced Flash Microcontrollers, with {ECAN} and 
      nanoWatt {XLP} Technology. },
   INSTITUTION = { Microchip Technology Inc. },
   ADDRESS     = { www.microchip.com },
   YEAR        = { 2011 },
   MONTH       = {},
   TYPE        = { Datasheet },
   NUMBER      = { DS39977D },
   ANNOTE      = {}
   }

@TECHREPORT { pic24fv16km202-datasheet,
   AUTHOR      = { Microchip Technology Inc. },
   TITLE       = { {PIC24FV16KM204} {FAMILY} General Purpose, 16-Bit Flash Microcontrollers
                   with {XLP} Technology Data Sheet. },
   INSTITUTION = { Microchip Technology Inc. },
   ADDRESS     = { www.microchip.com },
   YEAR        = { 2013 },
   MONTH       = {},
   TYPE        = { Datasheet },
   NUMBER      = { DS30003030B },
   ANNOTE      = {}
   }

@TECHREPORT { pic24fv32ka302-datasheet,
   AUTHOR      = { Microchip Technology Inc. },
   TITLE       = { {PIC24FV32KA304} {FAMILY} 20/28/44/48-Pin, General Purpose, 16-Bit Flash Microcontrollers
                   with {XLP} Technology. },
   INSTITUTION = { Microchip Technology Inc. },
   ADDRESS     = { www.microchip.com },
   YEAR        = { 2013 },
   MONTH       = {},
   TYPE        = { Datasheet },
   NUMBER      = { DS39995D },
   ANNOTE      = {}
   }
